@Article{buncombe,
  author = 	 "J.U. Buncombe",
  title = 	 "Infrared navigation Part I: Theory",
  journal = 	 "IEEE Trans. Aerosp. Electron. Syst.",
  year = 	 1944,
  volume = 	 "AES-4",
  number = 	 3,
  pages = 	 "352--377",
  month = 	 "Sep."}

@Article{fardel,
  author = 	 "R. Fardel and M. Nagel and F. Nuesch and T. Lippert and
                  A. Wokaun",
  title = 	 "Fabrication of organic light emitting diode pixels by
                  laser-assisted forward transfer",
  journal = 	 "Appl. Phys. Lett.",
  year = 	 2007,
  volume = 	 91,
  number = 	 6,
  pages = 	 "Art. no. 061103",
  month = 	 "Aug."}

@Article{ito,
  author = 	 " M. Ito et al.",
  title = 	 "Application of amorphous oxide TFT to electrophoretic
                  display,", 
  journal = 	 "J. Non-Cryst. Solids",
  year = 	 2008,
  volume = 	 354,
  number = 	 19,
  pages = 	 "2777--2782"}

@Article{tag,
  author = 	 "J. K. Author",
  title = 	 "Name of paper",
  journal = 	 "Abbrev. Title of Periodical",
  year = 	 2018,
  volume = 	 "x",
  number = 	 "xx",
  pages = 	 "yyy--zzz",
  month = 	 "Month"}

@article{Ruiz_Perez_2017,
   title={Quantum arithmetic with the quantum Fourier transform},
   volume={16},
   ISSN={1573-1332},
   url={http://dx.doi.org/10.1007/s11128-017-1603-1},
   DOI={10.1007/s11128-017-1603-1},
   number={6},
   journal={Quantum Information Processing},
   publisher={Springer Science and Business Media LLC},
   author={Ruiz-Perez, Lidia and Garcia-Escartin, Juan Carlos},
   year={2017},
   month=apr }

@misc{whitlock2023quantumfactoringalgorithmusing,
      title={Quantum Factoring Algorithm using Grover Search}, 
      author={S. Whitlock and T. D. Kieu},
      year={2023},
      eprint={2312.10054},
      archivePrefix={arXiv},
      primaryClass={physics.gen-ph},
      url={https://arxiv.org/abs/2312.10054}, 
}